@book{Manning:2008:IIR:1394399,
 	author = {Manning, Christopher D. and Raghavan, Prabhakar and Sch\"{u}tze, Hinrich},
 	title = {Introduction to Information Retrieval},
 	year = {2008},
 	isbn = {0521865719, 9780521865715},
 	publisher = {Cambridge University Press},
 	address = {New York, NY, USA},
} 

@article{MEIRELES2009,
   title = {{2. Recupera{\c c}{\~a}o de informa{\c c}{\~a}o no ambiente acad{\^e}mico: 2. georreferenciamento dos dados dos estudantes do Instituto de Educa{\c c}{\~a}o Continuada da PUC Minas}},
   journal = {{Perspectivas em Ci{\^e}ncia da Informa{\c c}{\~a}o}},
   author={Meireles, Magali Rezende Gouv{\^e}a AND Almeida, Paulo Eduardo Maciel de AND Silva, Ana Carolina Milagres Resende},
   ISSN = {1413-9936},
   language = {pt},
   URL = {http://www.scielo.br/scielo.php?script=sci_arttext&pid=S1413-99362009000300005&nrm=iso},
   volume = {14},
   year = {2009},
   month = {12},
   pages = {61 - 74},
   publisher = {scielo},
   crossref = {10.1590/S1413-99362009000300005},
}

@article{MOURA2002,
   title = {{A metadata approach to manage and organize electronic documents and collections on the web}},
   journal = {{Journal of the Brazilian Computer Society}},
   author={Moura, Ana Maria de Carvalho AND Pereira, Genelice da Costa AND Campos, Mar{\'i}a Luiza Machado},
   ISSN = {0104-6500},
   language = {en},
   URL = {http://www.scielo.br/scielo.php?script=sci_arttext&pid=S0104-65002002000100003&nrm=iso},
   volume = {8},
   year = {2002},
   month = {07},
   pages = {16 - 31},
   publisher = {scielo},
   crossref = {10.1590/S0104-65002002000100003},
}

@article{RODRIGUES2011,
   title = {{4. A recupera{\c c}{\~a}o da informa{\c c}{\~a}o e o conceito de informa{\c c}{\~a}o: o que {\'e} relevante em media{\c c}{\~a}o cultural?}},
   journal = {{Perspectivas em Ci{\^e}ncia da Informa{\c c}{\~a}o}},
   author={Rodrigues, Bruno C{\'e}sar AND Crippa, Giulia},
   ISSN = {1413-9936},
   language = {pt},
   URL = {http://www.scielo.br/scielo.php?script=sci_arttext&pid=S1413-99362011000100004&nrm=iso},
   volume = {16},
   year = {2011},
   month = {03},
   pages = {45 - 64},
   publisher = {scielo},
   crossref = {10.1590/S1413-99362011000100004},
}

@article{ESCUDEIRO2008,
   title = {{Satisfying Information Needs on the Web: a Survey of Web Information Retrieval}},
   journal = {{5. T{\'e}khne - Revista de Estudos Polit{\'i}cos}},
   author={Escudeiro, Nuno Filipe AND Jorge, Al{\'i}pio M{\'a}rio},
   ISSN = {1645-9911},
   language = {en},
   URL = {http://www.scielo.mec.pt/scielo.php?script=sci_arttext&pid=S1645-99112008000100018&nrm=iso},
   year = {2008},
   month = {06},
   pages = {337 - 369},
   publisher = {scielopt},
}

@misc{Google,
  title = {{Google}},
  howpublished = {\url{https://web.archive.org/web/20151122162241/http://www.google.com.br/}},
  note = {Accessed: 2015-11-22}
}

@misc{GoogleMaps,
  title = {{Google Maps}},
  howpublished = {\url{https://web.archive.org/web/20150429170137/https://www.google.com.br/maps}},
  note = {Accessed: 2015-11-22}
}

@misc{GuiaFolha,
  title = {{Guia Folha}},
  howpublished = {\url{https://web.archive.org/web/20150908233920/http://guia.folha.uol.com.br/restaurantes/}},
  note = {Accessed: 2015-11-22}
}

@misc{VisiteSaoPaulo,
  title = {{Visite S{\~a}o Paulo}},
  howpublished = {\url{https://web.archive.org/web/20150929081059/http://www.visitesaopaulo.com/dados-da-cidade.asp}},
  note = {Accessed: 2015-11-19}
}

@misc{Kekanto,
  title = {{Kekanto}},
  howpublished = {\url{https://web.archive.org/web/20151009101731/https://kekanto.com.br/}},
  note = {Accessed: 2015-11-22}
}

@misc{ApacheLucene,
  title = {{Apache Lucene}},
  howpublished = {\url{https://web.archive.org/web/20151102014915/http://lucene.apache.org/core/}},
  note = {Accessed: 2015-11-2}
}

@misc{IndexWriter,
  title = {{Documenta\c{c}{\~a}o da classe IndexWriter}},
  howpublished = {\url{https://web.archive.org/web/20150515144032/http://lucene.apache.org/core/4_0_0/core/org/apache/lucene/index/IndexWriter.html}},
  note = {Accessed: 2015-05-15}
}

@misc{HTTrack,
  title = {{HTTrack}},
  howpublished = {\url{http://www.httrack.com/}},
  note = {Accessed: 2015-11-27}
}

@misc{ApacheNutch,
  title = {{Apache Nutch}},
  howpublished = {\url{http://nutch.apache.org/}},
  note = {Accessed: 2015-11-27}
}

@misc{XML,
  title = {{Artigo sobre XML}},
  howpublished = {\url{https://web.archive.org/web/20150906111445/https://pt.wikipedia.org/wiki/XML}},
  note = {Accessed: 2015-11-27}
}

@misc{JSON,
  title = {{Artigo sobre JSON}},
  howpublished = {\url{https://web.archive.org/web/20150911133904/https://pt.wikipedia.org/wiki/JSON}},
  note = {Accessed: 2015-11-27}
}

@misc{Repo,
  title = {{Reposit{\'o}rio do projeto}},
  howpublished = {\url{https://github.com/fabiokaspar/TCC}},
}

@misc{ExpRegulares,
  title = {{Artigo sobre express{\~o}es regulares}},
  howpublished = {\url{https://pt.wikipedia.org/wiki/Express\%C3\%A3o_regular}},
  note = {Accessed: 2015-11-27}
}